<record><leader>00000cas a22000007a 4500</leader><controlfield tag="001">9788650</controlfield><controlfield tag="008">830808d18301832mduwr ne      0    0eng  </controlfield><datafield ind1=" " ind2=" " tag="010"><subfield code="a">sn 83016367 </subfield></datafield><datafield ind1=" " ind2=" " tag="040"><subfield code="a">DLC</subfield><subfield code="b">eng</subfield><subfield code="c">DLC</subfield><subfield code="d">MFN</subfield><subfield code="d">DLC</subfield><subfield code="d">OCLCQ</subfield></datafield><datafield ind1=" " ind2=" " tag="042"><subfield code="a">msc</subfield></datafield><datafield ind1="0" ind2="0" tag="050"><subfield code="a">Newspaper</subfield></datafield><datafield ind1="0" ind2="4" tag="245"><subfield code="a">The regulator, and Taney-Town herald.</subfield></datafield><datafield ind1="3" ind2="0" tag="246"><subfield code="a">Regulator</subfield></datafield><datafield ind1=" " ind2=" " tag="260"><subfield code="a">Taneytown, Md. :</subfield><subfield code="b">S.P. Davidson</subfield></datafield><datafield ind1=" " ind2=" " tag="300"><subfield code="a">v.</subfield></datafield><datafield ind1=" " ind2=" " tag="310"><subfield code="a">Weekly</subfield></datafield><datafield ind1="1" ind2=" " tag="362"><subfield code="a">Began with May 12, 1830 issue? Ceased in 1832?</subfield></datafield><datafield ind1=" " ind2=" " tag="500"><subfield code="a">Sometimes published as: Regulator. Cf. Gregory, W. Amer. newspapers.</subfield></datafield><datafield ind1=" " ind2=" " tag="588"><subfield code="a">Description based on: Aug. 2, 1831.</subfield></datafield><datafield ind1=" " ind2=" " tag="752"><subfield code="a">United States</subfield><subfield code="b">Maryland</subfield><subfield code="c">Carroll</subfield><subfield code="d">Taneytown.</subfield></datafield><datafield ind1="0" ind2="0" tag="785"><subfield code="t">Recorder (Taneytown, Md.)</subfield></datafield><datafield ind1="1" ind2=" " tag="029"><subfield code="a">AU@</subfield><subfield code="b">000026221040</subfield></datafield></record>